@article{stanley1988differential,
  title={Differential posets},
  author={Stanley, Richard P},
  journal={Journal of the American Mathematical Society},
  volume={1},
  number={4},
  pages={919--961},
  year={1988}
}