@article {FerayReiner,
    AUTHOR = {F\'{e}ray, Valentin and Reiner, Victor},
     TITLE = {{$P$}-partitions revisited},
   JOURNAL = {J. Commut. Algebra},
  FJOURNAL = {Journal of Commutative Algebra},
    VOLUME = {4},
      YEAR = {2012},
    NUMBER = {1},
     PAGES = {101--152},
      ISSN = {1939-0807},
   MRCLASS = {06A07 (06A11 52B20)},
  MRNUMBER = {2913529},
MRREVIEWER = {Ira Gessel},
       DOI = {10.1216/JCA-2012-4-1-101},
       URL = {https://doi-org.ezp3.lib.umn.edu/10.1216/JCA-2012-4-1-101},
}

@article {BjornerWachs,
    AUTHOR = {Bj\"{o}rner, Anders and Wachs, Michelle L.},
     TITLE = {Permutation statistics and linear extensions of posets},
   JOURNAL = {J. Combin. Theory Ser. A},
  FJOURNAL = {Journal of Combinatorial Theory. Series A},
    VOLUME = {58},
      YEAR = {1991},
    NUMBER = {1},
     PAGES = {85--114},
      ISSN = {0097-3165},
   MRCLASS = {06A07 (05E99 20B35)},
  MRNUMBER = {1119703},
MRREVIEWER = {Sergey V. Fomin},
       DOI = {10.1016/0097-3165(91)90075-R},
       URL = {https://doi-org.ezp3.lib.umn.edu/10.1016/0097-3165(91)90075-R},
}

@book {Knuth,
    AUTHOR = {Knuth, Donald E.},
     TITLE = {The art of computer programming. {V}ol. 3},
      NOTE = {Sorting and searching,
              Second edition [of MR0445948]},
 PUBLISHER = {Addison-Wesley, Reading, MA},
      YEAR = {1998},
     PAGES = {xiv+780},
      ISBN = {0-201-89685-0},
   MRCLASS = {68-02},
  MRNUMBER = {3077154},
}