@article{arb,
  title={Arborescences of covering graphs},
  author={Chepuri, Sunita and Dowd, CJ and Hardt, Andrew and Michel, Gregory and \textbf{Zhang}, \textbf{Sylvester W} and Zhang, Valerie},
  journal={Algebraic Combinatorics},
  volume={5},
  number={2},
  pages={319--346},
  year={2022},
}

@article{moz1,
  title={An Expansion Formula for Decorated Super-{T}eichm\"uller Spaces},
  author={Musiker, Gregg and Ovenhouse, Nicholas and \textbf{Zhang}, \textbf{Sylvester W}},
  journal={Symmetry, Integrability and Geometry: Methods and Applications},
  volume={17},
  number={0},
  pages={80--34},
  year={2021},
  }
@article{zinn2008littlewood,
  title={Littlewood--Richardson coefficients and integrable tilings},
  author={Zinn-Justin, Paul},
  journal={arXiv preprint arXiv:0809.2392},
  year={2008}
}
@article {bessy2007,
    AUTHOR = {Bessy, St\'{e}phane and Thomass\'{e}, St\'{e}phan},
     TITLE = {Spanning a strong digraph by {$\alpha$} circuits: a proof of
              {G}allai's conjecture},
   JOURNAL = {Combinatorica},
  FJOURNAL = {Combinatorica. An International Journal on Combinatorics and
              the Theory of Computing},
    VOLUME = {27},
      YEAR = {2007},
    NUMBER = {6},
     PAGES = {659--667},
      ISSN = {0209-9683},
   MRCLASS = {05C20 (05C38 05C69)},
  MRNUMBER = {2384410},
MRREVIEWER = {Prabir Das},
       DOI = {10.1007/s00493-007-2073-3},
       URL = {https://doi-org.ezp1.lib.umn.edu/10.1007/s00493-007-2073-3},
}
@article{moz2,
  title={Double dimer covers on snake graphs from super cluster expansions},
  author={Musiker, Gregg and Ovenhouse, Nicholas and \textbf{Zhang}, \textbf{Sylvester W}},
  journal={Journal of Algebra},
  volume={608},
  pages={325--381},
  year={2022},
  publisher={Elsevier}
}

@article{moz3,
  title={Matrix Formulae for Decorated Super {T}eichm\"uller Spaces},
  author={Musiker, Gregg and Ovenhouse, Nicholas and \textbf{Zhang}, \textbf{Sylvester W}},
  journal={arXiv preprint arXiv:2208.13664},
  year={2022}
}


@article{bckz1,
  title={Rooted Clusters for Graph {LP} Algebras},
  author={Banaian, Esther and Chepuri, Sunita and Kelley, Elizabeth and \textbf{Zhang}, \textbf{Sylvester W}},
  journal={arXiv preprint arXiv:2107.14785},
  year={2021}
}

@article{bckz2,
  title={Snake Graphs for Weakly Rooted Sets in Graph {LP} Algebras},
  author={Banaian, Esther and Chepuri, Sunita and Kelley, Elizabeth and \textbf{Zhang}, \textbf{Sylvester W}},
  journal={submitted to Proceedings of the 35th Conference on Formal Power Series and Algebraic Combinatorics},
  year={2022+}
}

@article{PZ,
  title={Affine Greene-Kleitman Correspondence},
  author={Pylyavskyy, Pavlo and \textbf{Zhang}, \textbf{Sylvester W}},
  journal={in progress},
  year={2023+}
}

@article{penner2019decorated,
  title={Decorated super-{T}eichm{\"u}ller space},
  author={Penner, RC and Zeitlin, Anton M},
  journal={Journal of Differential Geometry},
  volume={111},
  number={3},
  pages={527--566},
  year={2019},
  publisher={Lehigh University}
}



@article{shemyakova2022super,
  title={On super {P}l{\"u}cker embedding and cluster algebras},
  author={Shemyakova, Ekaterina and Voronov, Theodore},
  journal={Selecta Mathematica},
  volume={28},
  number={2},
  pages={1--58},
  year={2022},
  publisher={Springer}
}

@article{ovsienko2018cluster,
  title={Cluster algebras with {G}rassmann variables},
  author={Ovsienko, Valentin and Shapiro, Michael},
  journal={arXiv preprint arXiv:1809.01860},
  year={2018}
}

@article{gates2021cluster,
  title={Cluster Superalgebras and Stringy Integrals},
  author={Gates Jr, S James and Mak, S-N Hazel and Spradlin, Marcus and Volovich, Anastasia},
  journal={arXiv preprint arXiv:2111.08186},
  year={2021}
}

@article{lee2015positivity,
  title={Positivity for cluster algebras},
  author={Lee, Kyungyong and Schiffler, Ralf},
  journal={Annals of Mathematics},
  pages={73--125},
  year={2015},
  publisher={JSTOR}
}
@article{curran2021lattice,
  title={A lattice model for super {LLT} polynomials},
  author={Curran, Michael J and Frechette, Claire and Yost-Wolff, Calvin and \textbf{Zhang}, \textbf{Sylvester W} and Zhang, Valerie},
  journal={arXiv preprint arXiv:2110.07597},
  year={2021}
}

@article{dilworth1950decomposition,
  title={A Decomposition Theorem for Partially Ordered Sets},
  author={Dilworth, RP},
  journal={Annals of Mathematics},
  pages={161--166},
  year={1950},
  publisher={JSTOR}
}

@article{lam2012laurent,
  title={Laurent phenomenon algebras},
  author={Lam, Thomas and Pylyavskyy, Pavlo},
  journal={arXiv preprint arXiv:1206.2611},
  year={2012}
}

@article{knutson1999honeycomb,
  title={The honeycomb model of $\textup{GL}_n(\mathbb{C})$ tensor products {I}: Proof of the saturation conjecture},
  author={Knutson, Allen and Tao, Terence},
  journal={Journal of the American Mathematical Society},
  volume={12},
  number={4},
  pages={1055--1090},
  year={1999},
}

@article{gowers2000two,
  title={The two cultures of mathematics},
  author={Gowers, William Timothy},
  journal={Mathematics: frontiers and perspectives},
  volume={65},
  pages={65},
  year={2000},
  publisher={American Mathematical Society Providence, RI}
}