@article {Kleinschmidt88,
  author       = {Kleinschmidt, Peter},
  title	       = {A classification of toric varieties with few generators},
  fjournal     = {Aequationes Mathematicae},
  volume       = {35},
  year	       = {1988},
  number       = {2-3},
  pages	       = {254--266},
}

@article{BB11,
  title	       = {The functor of toric varieties associated with {W}eyl chambers and {L}osev-{M}anin moduli spaces},
  author       = {Batyrev, Victor and Blume, Mark},
  journal      = {Tohoku Mathematical Journal, Second Series},
  volume       = {63},
  number       = {4},
  pages	       = {581--604},
  year	       = {2011},
}

@article{Stanley80,
  author       = {Stanley, Richard P.},
  title	       = {The number of faces of a simplicial convex polytope},
  journal      = {Advances in Mathematics},
  volume       = {35},
  number       = {3},
  pages	       = {236-238},
  year	       = {1980},
}

%%%%%%%%%%%%%%%%%%%%%%%%%%%%%%%%%%%%%%%%%%%%%%%%%%%%%%%%%%%%%%%%%%%%%%%%%%%%%%%%%%%%%%%%%%%%%%%%%%%
% Books

@article {Cox95,
  author       = {Cox, David A.},
  title	       = {The homogeneous coordinate ring of a toric variety},
  journal      = {J. Algebraic Geom.},
  fjournal     = {Journal of Algebraic Geometry},
  volume       = {4},
  year	       = {1995},
  number       = {1},
  pages	       = {17--50},
}

@book{Eisenbud1995,
  author       = {Eisenbud, David},
  title	       = {Commutative Algebra with a View toward Algebraic Geometry},
  series       = {Graduate Texts in Mathematics},
  volume       = {150},
  publisher    = {Springer},
  year	       = {1995}
}

@book{Eisenbud2005,
  author       = {Eisenbud, David},
  title	       = {The Geometry of Syzygies},
  series       = {Graduate Texts in Mathematics},
  volume       = {229},
  publisher    = {Springer},
  year	       = {2005}
}

@book{Hartshorne1977,
  author       = {Hartshorne, Robin},
  title	       = {Algebraic Geometry},
  series       = {Graduate Texts in Mathematics},
  volume       = {52},
  publisher    = {Springer},
  year	       = {1977}
}

@book{Huybrechts2006,
  author       = {Huybrechts, Daniel},
  title	       = {Fourier-{Mukai} Transforms in Algebraic Geometry},
  series       = {Oxford Mathematical Monographs},
  publisher    = {Clarendon Press},
  year	       = {2006}
}

@book{CLS2011,
  author       = {Cox, David A. and Little, John B. and Schenck, Henry K.},
  title	       = {Toric varieties},
  series       = {Graduate Studies in Mathematics},
  volume       = {124},
  publisher    = {American Mathematical Society, Providence, RI},
  year	       = {2011},
}

@book{Fulton1993,
  title	       = {Introduction to Toric Varieties},
  author       = {William Fulton},
  doi	       = {10.1515/9781400882526},
  year	       = {1993},
  month	       = {12},
  publisher    = {Princeton University Press},
}

%%%%%%%%%%%%%%%%%%%%%%%%%%%%%%%%%%%%%%%%%%%%%%%%%%%%%%%%%%%%%%%%%%%%%%%%%%%%%%%%%%%%%%%%%%%%%%%%%%%

@misc{M2,
  label	       = "M2",
  author       = {Grayson, Daniel R. and Stillman, Michael E.},
  title	       = {Macaulay2, a software system for research in algebraic geometry},
  note	       = {Available at \url{https://faculty.math.illinois.edu/Macaulay2/}},
}
