@article{KL79,
  title={Representations of Coxeter groups and Hecke algebras},
  author={Kazhdan, David and Lusztig, George},
  journal={Inventiones mathematicae},
  volume={53},
  number={2},
  pages={165--184},
  year={1979},
  publisher={Springer}
}